<?xml version="1.0" encoding="UTF-8"?>
<collection xmlns:xsi="http://www.w3.org/2001/XMLSchema-instance" xsi:schemaLocation="http://www.loc.gov/MARC21/slim http://www.loc.gov/standards/marcxml/schema/MARC21slim.xsd" xmlns="http://www.loc.gov/MARC21/slim">
<record>
  <leader>04597cam a2200493Ia 4500</leader>
  <controlfield tag="001">2488918</controlfield>
  <controlfield tag="003">NNC</controlfield>
  <controlfield tag="005">20140126213847.0</controlfield>
  <controlfield tag="008">801002m19431976ua            000 0 ara  </controlfield>
  <datafield tag="010" ind1=" " ind2=" ">
    <subfield code="a">   59050957 </subfield>
  </datafield>
  <datafield tag="035" ind1=" " ind2=" ">
    <subfield code="a">(OCoLC)ocm06781171</subfield>
  </datafield>
  <datafield tag="035" ind1=" " ind2=" ">
    <subfield code="a">(OCoLC)6781171</subfield>
  </datafield>
  <datafield tag="035" ind1=" " ind2=" ">
    <subfield code="a">(NNC)2488918</subfield>
  </datafield>
  <datafield tag="035" ind1=" " ind2=" ">
    <subfield code="a">2488918</subfield>
  </datafield>
  <datafield tag="040" ind1=" " ind2=" ">
    <subfield code="a">DLC</subfield>
    <subfield code="c">KUK</subfield>
    <subfield code="d">OCLCQ</subfield>
    <subfield code="d">OCLCG</subfield>
    <subfield code="d">HIN</subfield>
    <subfield code="d">JPG</subfield>
    <subfield code="d">OKU</subfield>
  </datafield>
  <datafield tag="043" ind1=" " ind2=" ">
    <subfield code="a">f-ua---</subfield>
  </datafield>
  <datafield tag="050" ind1=" " ind2="0">
    <subfield code="a">BX132</subfield>
    <subfield code="b">.S3</subfield>
  </datafield>
  <datafield tag="066" ind1=" " ind2=" ">
    <subfield code="c">(3</subfield>
  </datafield>
  <datafield tag="100" ind1="0" ind2=" ">
    <subfield code="6">880-01</subfield>
    <subfield code="a">Sāwīrus ibn al-Muqaffaʻ,</subfield>
    <subfield code="c">Bishop of el-Ashmunein,</subfield>
    <subfield code="d">active 955-987.</subfield>
  </datafield>
  <datafield tag="245" ind1="1" ind2="0">
    <subfield code="6">880-02</subfield>
    <subfield code="a">Taʾrikh baṭārikat al-Kanīsah al-Miṣrīyah :</subfield>
    <subfield code="b">al-maʻruf bi-Siyar al-Biyʻah al-Muqadisah /</subfield>
    <subfield code="c">li-Sāwīrus ibn al-Muqaffaʻ usquf al-Ashmūnayn ; qāma ʻala nashrihi Yassa ʻAbd al-Masīḥ, Uswald Burmastar.</subfield>
  </datafield>
  <datafield tag="260" ind1=" " ind2=" ">
    <subfield code="6">880-03</subfield>
    <subfield code="a">al-Qāhirah :</subfield>
    <subfield code="b">Jamʻīyat al-Āthār al-Qibṭīyah,</subfield>
    <subfield code="c">1943-1976.</subfield>
  </datafield>
  <datafield tag="300" ind1=" " ind2=" ">
    <subfield code="a">3 v. in 8 ;</subfield>
    <subfield code="c">27 cm.</subfield>
  </datafield>
  <datafield tag="490" ind1="1" ind2=" ">
    <subfield code="6">880-04</subfield>
    <subfield code="a">Maṭbūʻāt Jamʻīyat al-Āthār al-Qibṭīyah. Qism al-nuṣūṣ wa-al-wathāʾiq</subfield>
  </datafield>
  <datafield tag="500" ind1=" " ind2=" ">
    <subfield code="a">A continuation of the Arabic text published by C.F. Seybold under title: Historia patriarcharum Alexandrinorum, Tomus 1 (Beirut, 1904-10).</subfield>
  </datafield>
  <datafield tag="500" ind1=" " ind2=" ">
    <subfield code="a">al-Majlad 2., al-juzʾ 3. also edited by ʻAziz Sūryal Atiya ; al-Majlad 3-4 edited by Antoine Khater and Oswald Hugh Ewart Burmester.</subfield>
  </datafield>
  <datafield tag="505" ind1="0" ind2=" ">
    <subfield code="6">880-05</subfield>
    <subfield code="a">al-Majlad 2., al-juzʾ 1., Min al-Baṭaryark Khāyīl al-Thānī ilá al-Baṭaryark Shanūdah al-Awwal, 829-880 M. -- al-Majlad 2., al-juzʾ 2., Min al-Baṭaryark Khāyīl al-Thālith ilá al-Baṭaryark Shanūdah al-Thāni, 880-1066 M. -- al-Majlad 2., al-juzʾ 3., Min al-Baṭaryark Akhrīsṭūdlūs ilá al-Baṭaryark Mīkhāyīl, 1046-1102 M. -- al-Majlad 3., al-juzʾ 1., Min al-Baṭaryark Maqārah al-Thānī ilá Baṭaryark Yuḥannā al-Ḥāmis, 1102-1167 M -- al-Majlad 3., al-juzʾ 2., al-Baṭaryark Maqus al-Thālith wa al-Baṭaryark Yūḥannā al-Sādis, 1167-1216 M. -- al-Majlad 3., al-juzʾ 3., min al-Baṭaryark Kīrilus al-Thānī ilá al-Baṭaryark Kīrilus al-Khāmis, 1235-1894 M. -- al-Majlad 4., al-juzʾān 1-2, al-Baṭaryark Kīrilus al-Thālith, Ibn-Laqlaq, 1216-1243 M.</subfield>
  </datafield>
  <datafield tag="610" ind1="2" ind2="0">
    <subfield code="a">Coptic Church</subfield>
    <subfield code="x">History.</subfield>
  </datafield>
  <datafield tag="651" ind1=" " ind2="0">
    <subfield code="a">Alexandria (Egypt)</subfield>
    <subfield code="x">History.</subfield>
  </datafield>
  <datafield tag="700" ind1="1" ind2=" ">
    <subfield code="6">880-06</subfield>
    <subfield code="a">ʻAbd al-Masīḥ, Yassā.</subfield>
  </datafield>
  <datafield tag="700" ind1="1" ind2=" ">
    <subfield code="a">Khs-Burmester, O. H. E.</subfield>
    <subfield code="q">(Oswald Hugh Ewart)</subfield>
  </datafield>
  <datafield tag="700" ind1="1" ind2=" ">
    <subfield code="6">880-07</subfield>
    <subfield code="a">Atiya, Aziz Suryal,</subfield>
    <subfield code="d">1898-1988.</subfield>
  </datafield>
  <datafield tag="700" ind1="1" ind2=" ">
    <subfield code="a">Khater, Antoine.</subfield>
  </datafield>
  <datafield tag="710" ind1="2" ind2=" ">
    <subfield code="6">880-08</subfield>
    <subfield code="a">Jamʻīyat al-Āthār al-Qibṭīyah (Egypt)</subfield>
  </datafield>
  <datafield tag="830" ind1=" " ind2="0">
    <subfield code="a">Maṭbūʻāt Jamʻīyat al-Āthār al-Qibṭīyah.</subfield>
    <subfield code="p">Qism al-nuṣūṣ wa-al-wathāʼiq.</subfield>
  </datafield>
  <datafield tag="880" ind1="0" ind2=" ">
    <subfield code="6">100-01/(3/r</subfield>
    <subfield code="a">ساويرس بن المقفع،</subfield>
    <subfield code="c">أسقف الأشمونين,</subfield>
    <subfield code="d">active 955-987.</subfield>
  </datafield>
  <datafield tag="880" ind1="1" ind2="0">
    <subfield code="6">240-00/(3/r</subfield>
    <subfield code="a">سير البيعة المقدسة.</subfield>
    <subfield code="n">مجلد ٢- .</subfield>
    <subfield code="l">عربي وانكليزي</subfield>
  </datafield>
  <datafield tag="880" ind1="1" ind2="0">
    <subfield code="6">245-02/(3/r</subfield>
    <subfield code="a">تاريخ بطاركة الكنيسة المصرية :</subfield>
    <subfield code="b">المعروف بسير البيعة المقدسة /</subfield>
    <subfield code="c">لساويرس بن المقفع أسقف الاشمونين ؛ قام على نشره يسى عبد المسيح، اسولد برمستر.</subfield>
  </datafield>
  <datafield tag="880" ind1=" " ind2=" ">
    <subfield code="6">260-03/(3/r</subfield>
    <subfield code="a">القاهرة :</subfield>
    <subfield code="b">جمعية الآثار القبطية،</subfield>
    <subfield code="c">1943-1976.</subfield>
  </datafield>
  <datafield tag="880" ind1="1" ind2=" ">
    <subfield code="6">490-04/(3/r</subfield>
    <subfield code="a">مطبوعات جمعية الآثار القبطية، قسم النصوص والوثائق</subfield>
  </datafield>
  <datafield tag="880" ind1="0" ind2=" ">
    <subfield code="6">505-05/(3/r</subfield>
    <subfield code="a">المجلد 2.، الجزء 1.، من البطريرك خاييل الثاني الى البطريرك شنودة الاول، 829-880 م. المجلد 2.، الجزء 2.، من البطريرك خاييل الثاله الى البطريرك شنودة الثان، 880-1066 م. المجلد 2.، الجزء 3.، من البطريرك اخريسطودلوس الى البطريرك ميخاييل، 1046-1102 م.  المجلد 3.، الجزء 1.، من البطريرك مقارة الثاني الى بطريرك يحنا الحامس، 1102-1167 م  المجلد 3.، الجزء 2.، البطريرك مقس الثاله و البطريرك يوحنا السادس، 1167-1216 م.  المجلد 3.، الجزء 3.، من البطريرك كيرلس الثاني الى البطريرك كيرلس الخامس، 1235-1894 م.  المجلد 4.، الجزآن 1-2، البطريرك كيرلس الثاله، ابنلقلق، 1216-1243 م.</subfield>
  </datafield>
  <datafield tag="880" ind1="1" ind2=" ">
    <subfield code="6">700-06/(3/r</subfield>
    <subfield code="a">عبد المسيح، يسى.</subfield>
  </datafield>
  <datafield tag="880" ind1="1" ind2=" ">
    <subfield code="6">700-07/(3/r</subfield>
    <subfield code="a">عطية، عزيز سوريال,</subfield>
    <subfield code="d">1898-1988.</subfield>
  </datafield>
  <datafield tag="880" ind1="2" ind2=" ">
    <subfield code="6">710-08/(3/r</subfield>
    <subfield code="a">جمعية الآثار القبطية (مصر)</subfield>
  </datafield>
  <datafield tag="955" ind1=" " ind2=" ">
    <subfield code="b">0045301263</subfield>
    <subfield code="d">glx</subfield>
    <subfield code="e">BX132 .S3</subfield>
    <subfield code="v">v.2:pt.1</subfield>
  </datafield>
</record>
</collection>